2654 4170
310 708 506 783 INDEX¹
530 708 604 782 TO
643 707 805 780 FIRST
844 706 1009 780 LINES

110 942 165 990 Aeli
176 948 281 999 vetusto,
295 954 317 1003 3,
333 953 370 1006 17.
673 938 729 986 Iam
741 938 791 986 iam
803 937 904 996 efficaci,
916 939 996 1002 Epool
1012 949 1050 1002 17.

110 1022 223 1082 Aequam
235 1023 371 1075 memento,
385 1029 407 1075 2,
420 1029 443 1079 3.
674 1014 729 1062 lam
742 1029 822 1077 pauca
834 1023 925 1072 aratro,
937 1027 960 1072 2,
976 1025 1013 1079 15.

109 1094 174 1152 Albi,
188 1109 220 1142 ne
234 1093 328 1153 doleas,
343 1106 364 1151 1,
377 1105 416 1155 33.
674 1090 729 1138 Iam
741 1090 800 1138 satis
812 1091 889 1148 terris,
906 1103 926 1148 1,
937 1102 959 1138 2.

109 1169 195 1218 Altera
208 1170 256 1217 iam
269 1171 364 1227 teritur,
377 1168 456 1232 Epod.
472 1167 509 1216 16.
674 1166 729 1214 Iam
740 1166 803 1213 veris
816 1165 926 1224 comites,
938 1181 962 1226 4,
978 1179 1014 1215 12.

109 1247 250 1308 Angustam
262 1244 342 1293 amice
355 1243 509 1307 pauperiem,
520 1255 543 1306 3,
553 1255 575 1291 2.
675 1242 835 1290 Ibisliburnis
841 1241 907 1290 inter
913 1242 975 1290 alter
985 1243 1097 1302 navium,
1109 1244 1190 1307 Epod.
1201 1257 1220 1294 1.

109 1323 150 1379 At,
163 1336 178 1369 o
191 1321 303 1378 deorum,
317 1320 397 1383 Epod.
410 1330 432 1384 5.
674 1317 734 1376 leci,
746 1317 827 1366 beatis
839 1333 906 1366 nunc
919 1320 1039 1376 Arabum,
1056 1332 1077 1377 1,
1091 1333 1134 1380 29.

108 1397 243 1455 Audivere,
256 1397 331 1459 Lyce,
343 1410 368 1457 4,
383 1408 420 1458 13.
675 1394 721 1442 Ille
734 1401 759 1442 et
768 1393 865 1442 nefasto
877 1401 902 1442 te
914 1393 996 1457 posuit
1008 1395 1060 1454 die,
1073 1407 1096 1454 2,
1114 1409 1155 1460 13.

675 1471 770 1534 Impios
784 1485 872 1534 parrae
884 1471 1025 1529 recinentis,
1038 1484 1063 1535 3,
1077 1484 1119 1536 27.

109 1548 236 1598 Bacchum
247 1548 274 1596 in
286 1548 395 1606 remotis,
408 1560 430 1605 2,
446 1560 482 1609 19.
675 1546 801 1595 Inclusam
814 1547 930 1604 Danaen,
943 1546 1014 1608 3,16.

109 1625 201 1674 Beatus
213 1624 263 1682 ille,
276 1625 319 1688 qui
330 1623 425 1687 procul,
439 1623 518 1686 Epod.
532 1636 553 1672 2.
675 1623 779 1671 Intactis
791 1621 959 1686 oppulentior,
972 1635 995 1685 3,
1008 1635 1048 1684 24.

676 1700 775 1760 Integer
787 1699 862 1756 vitae,
878 1710 898 1755 1,
912 1710 950 1746 22.

108 1776 185 1825 Caelo
197 1777 305 1839 supinas,
319 1788 342 1838 3,
357 1788 396 1838 23.
676 1775 826 1832 Intermissa,
839 1775 932 1832 Venus,
947 1775 997 1833 diu,
1009 1789 1033 1836 4,
1050 1788 1070 1823 1.

109 1853 185 1901 Caelo
198 1858 336 1909 tonantem,
350 1864 371 1913 3,
387 1863 409 1916 5.
676 1852 770 1898 lustum
784 1859 807 1897 et
820 1856 943 1908 tenacem,
956 1864 978 1911 3,
991 1864 1013 1913 3.

109 1930 171 1977 Cum
184 1937 218 1986 tu,
231 1928 318 1990 Lydia,
330 1927 444 1990 Telephi,
460 1940 480 1984 1,
497 1940 533 1990 13.
758 1959 766 1972 .

109 2006 158 2052 Cur
168 2020 209 2052 me
221 2003 345 2067 querellis,
356 2016 379 2061 2,
396 2015 432 2068 17.
677 2003 827 2052 Laudabunt
840 2002 881 2053 alii
894 2003 985 2050 claram
995 2002 1121 2064 Rhodon,
1138 2019 1161 2067 1,
1177 2020 1200 2072 7.

676 2079 753 2142 Lupis
765 2087 789 2126 et
803 2078 882 2140 agnIs,
896 2080 972 2142 Epoael.
984 2093 1008 2139 4.

109 2155 209 2205 Delicta
220 2155 351 2215 maiorum,
367 2168 390 2217 3,
403 2155 425 2203 6.
676 2155 763 2217 Lydia,
776 2154 825 2212 dic,
837 2170 882 2218 per
894 2170 988 2212 omnes,
1004 2168 1024 2213 1,
1037 2155 1062 2206 8.

109 2232 243 2281 Descende
256 2232 335 2290 caelo,
348 2244 370 2295 3,
383 2245 407 2291 4.

110 2309 219 2357 Dianam
231 2315 332 2356 tenerae
345 2295 428 2366 dicite,
444 2319 464 2364 1,
477 2317 516 2356 21.
675 2308 810 2356 Maecenas
825 2308 910 2366 atavis,
925 2321 945 2367 1,
960 2321 980 2356 1.

109 2385 236 2447 Diffugere
250 2383 327 2442 nives,
339 2398 363 2443 4,
376 2396 398 2446 7.
675 2383 743 2433 Mala
755 2384 837 2433 soluta
849 2385 927 2443 navis,
940 2385 1016 2449 Epod.
1032 2398 1071 2435 10.

109 2460 183 2519 Dive,
193 2476 267 2524 quem
279 2460 362 2523 proles
374 2459 480 2517 Niobea,
493 2473 516 2519 4,
525 2458 548 2507 6.
675 2460 772 2509 Martiis
785 2461 890 2518 caelebs
904 2474 926 2523 3,
939 2460 962 2509 8.

110 2536 181 2585 Divis
194 2543 246 2584 orte
258 2536 340 2594 bonis,
352 2550 376 2595 4,
389 2546 411 2599 5.
674 2537 757 2584 Mater
768 2553 842 2585 saeva
855 2537 1014 2600 Cupidinum,
1030 2550 1051 2595 1,
1067 2551 1106 2599 19.

110 2613 238 2661 Donarem
249 2619 355 2675 pateras,
368 2625 391 2671 4,
404 2609 427 2660 8.
674 2613 790 2671 Mercuri,
802 2613 910 2662 facunde
922 2628 1009 2676 nepos,
1024 2626 1045 2671 1,
1061 2627 1098 2664 10.

110 2689 198 2737 Donec
211 2696 296 2751 gratus
308 2703 375 2736 eram
387 2687 441 2745 tibi,
454 2699 476 2749 3,
488 2700 511 2748 9.
675 2690 790 2748 Mercuri,
805 2706 863 2737 nam
876 2697 900 2738 te
913 2689 1007 2746 docilis,
1021 2702 1043 2751 3,
1060 2703 1097 2740 11.

675 2769 821 2817 Miserarum
834 2775 871 2817 est
884 2784 966 2832 neque
979 2768 1067 2827 amori,
1080 2781 1104 2830 3,
1122 2782 1162 2821 12.

111 2840 182 2888 Eheu
194 2840 302 2902 fugaces,
317 2852 339 2897 2,
354 2852 391 2899 14.
675 2845 759 2893 Mollis
771 2845 861 2894 inertia
875 2860 925 2903 cur,
940 2845 1016 2907 Epod.
1032 2856 1071 2904 14.

111 2917 153 2964 Est
166 2916 227 2964 mihi
240 2931 335 2963 nonum
347 2917 494 2979 superantis,
507 2933 530 2978 4,
544 2931 580 2967 11.
675 2922 800 2970 Montium
813 2928 904 2978 custos,
917 2934 940 2982 3,
954 2933 992 2968 22.

111 2993 142 3040 Et
154 3000 208 3040 ture
222 2999 246 3039 et
260 2991 350 3039 fidibus
362 2991 437 3048 iuvat,
454 3006 473 3050 1,
487 2994 525 3055 36.
674 2997 773 3045 Motum
786 3013 816 3045 ex
831 2997 943 3054 Metello,
957 3010 979 3054 2,
994 3009 1014 3044 1.

111 3069 188 3130 Exegi
200 3074 397 3124 monumentum,
411 3081 433 3130 3,
444 3083 482 3131 30.
675 3073 753 3121 Musis
766 3074 860 3121 amicus
871 3072 1002 3130 tristitiam,
1017 3084 1038 3130 1,
1052 3073 1091 3120 26.

110 3145 253 3193 Extremem
263 3142 362 3190 Tanain
371 3143 391 3190 si
404 3144 510 3205 biberes,
523 3161 545 3209 3,
561 3162 597 3197 10.

673 3229 747 3276 Natis
759 3228 784 3276 in
796 3244 868 3276 usum
882 3226 1000 3284 laetitiae,
1017 3239 1037 3283 1,
1051 3238 1091 3289 27.

109 3298 194 3346 Faune
206 3297 388 3362 Nympharum,
401 3314 424 3364 3,
440 3301 476 3350 18.
674 3305 713 3351 Ne
727 3305 788 3352 forte
801 3304 895 3361 credas,
908 3319 931 3362 4,
944 3317 967 3363 9.

109 3374 183 3422 Festo
195 3375 255 3438 quid
268 3376 352 3438 potius
365 3377 413 3435 die,
424 3390 446 3440 3,
459 3377 498 3427 28.
673 3380 712 3427 Ne
725 3381 755 3427 sit
767 3380 872 3427 ancillae
886 3379 928 3426 tibi
942 3393 1019 3436 amor,
1033 3390 1055 3436 2,
1067 3392 1091 3438 4

672 3456 744 3503 Nolis
756 3456 832 3518 longa
844 3455 910 3502 ferae
924 3455 997 3511 bella,
1010 3467 1033 3511 2,
1049 3466 1087 3502 12.

109 3529 226 3577 Herculis
238 3529 288 3577 ritu
300 3530 377 3577 modo
389 3529 478 3588 dictus,
492 3543 513 3592 3,
530 3543 566 3591 14.
672 3532 794 3579 Nondum
806 3532 909 3579 subacta
921 3531 992 3588 ferre,
1006 3543 1027 3587 2,
1041 3542 1064 3594 5.

109 3603 221 3652 Horrida
233 3612 377 3668 tempestas,
390 3605 467 3669 Epod.
483 3619 519 3667 13.
659 3624 661 3651 ι
672 3607 732 3654 Non
744 3607 806 3655 ebur
819 3623 900 3670 neque
913 3621 1023 3664 aureum,
1037 3618 1060 3662 2,
1076 3604 1114 3654 18.

634 3687 687 3752 464
