2654 4170
447 237 560 286 INDEX
582 238 628 287 TO
651 237 750 285 FIRS'r
775 236 877 285 LINES

110 403 171 451 Non
183 419 282 467 semper
293 389 392 459 imbres,
405 414 428 459 2,
440 415 463 463 9.
663 403 665 469 ξ
677 401 804 462 Quantum
817 401 891 449 distet
904 401 936 448 ab
949 402 1052 460 Inacho,
1065 416 1088 464 3,
1104 416 1140 464 19.

110 478 170 526 Non
184 479 273 526 usitata
285 493 331 526 nec
343 477 414 526 tenui
427 477 498 535 ferar,
513 490 534 533 2,
548 489 586 524 20.
662 482 664 577 7
677 477 758 538 Quem
770 484 804 535 tu,
819 476 988 539 Melpomene,
1001 478 1086 536 semel,
1097 492 1122 539 4,
1135 492 1157 541 3.

111 554 171 601 Non
183 553 253 602 vides
265 561 369 616 quanto,
383 566 406 614 3,
419 566 458 600 20.
479 605 480 608 ¹
676 552 758 613 Quem
770 551 850 599 virum
862 559 905 600 aut
918 550 1003 610 heroa,
1019 564 1039 611 1,
1054 566 1090 602 12.

110 629 170 677 Nox
181 635 234 677 erat
247 635 272 677 et
284 628 363 687 caelo,
375 628 454 692 Epod.
470 641 507 692 15.
675 627 744 688 Quid
755 626 889 675 bellicosus
900 626 1034 686 Cantaber,
1047 642 1070 687 2,
1085 642 1122 679 11.

111 703 222 762 Nullam,
232 705 307 762 Vare,
322 719 391 752 sacra
403 704 460 762 vite,
479 717 499 762 1,
515 702 551 752 18.
676 703 745 765 Quid
756 702 901 751 dedicatum
913 704 1001 766 poscit,
1017 717 1037 763 1,
1050 718 1089 768 31.

111 779 203 829 Nullus
215 787 320 842 argento
333 779 409 837 color,
422 792 445 837 2,
458 792 479 827 2.
676 778 744 840 Quid
757 778 807 836 fles,
821 779 929 836 Asterie,
942 791 965 841 3,
979 793 1001 842 7.
1083 787 1086 793 ’

111 856 187 904 Nuuc
200 863 236 904 est
250 855 398 912 bibendum,
413 867 433 913 1,
447 868 485 918 37.
676 854 744 915 Quid
755 854 909 902 immerentis
921 854 1040 919 hospites,
1055 858 1133 921 Epod.
1145 859 1168 906 6.

676 930 743 991 Quid
755 929 802 978 tibi
813 929 858 987 vis,
870 930 966 988 mulier,
984 933 1062 995 Epora
1078 945 1114 982 12.

112 1007 136 1056 Ο
148 1007 253 1056 crudelis
266 1006 356 1064 adhuc,
368 1020 392 1067 4,
408 1019 444 1055 10.
676 1006 738 1068 Quis
750 1005 874 1053 desiderio
887 1005 918 1053 sit
930 1008 1019 1069 pudor,
1034 1020 1054 1067 1,
1067 1021 1105 1069 24.

112 1084 137 1133 Ο
148 1083 213 1141 diva,
225 1090 323 1145 gratum
335 1098 399 1146 quae
413 1083 485 1145 regis,
501 1095 521 1140 1,
534 1094 573 1147 35.
676 1083 738 1144 Quis
749 1082 828 1131 multa
839 1083 938 1145 gracilis
951 1091 975 1131 te
988 1099 1057 1147 puer,
1071 1097 1092 1144 1,
1105 1097 1127 1150 5.

112 1159 137 1208 O
148 1159 203 1206 sons
216 1159 364 1216 Bandusiae,
378 1171 401 1221 3,
416 1171 452 1220 13.
642 1212 649 1230 .
676 1158 733 1220 Quo
746 1174 793 1216 me,
807 1159 913 1217 Bacche,
926 1160 1000 1222 rapis,
1013 1173 1035 1222 3,
1049 1172 1087 1225 25.

113 1236 137 1285 0
148 1244 226 1284 matre
239 1234 344 1299 pulchra
357 1234 414 1293 filia,
430 1249 450 1293 1,
465 1237 501 1284 16.
676 1235 741 1296 Qu0,
754 1249 804 1297 quo
816 1235 914 1283 scelesti
927 1235 1004 1293 ruitis,
1018 1237 1095 1299 Epod.
1109 1249 1131 1299 7.

113 1312 137 1360 Ο
149 1318 207 1359 nata
219 1327 317 1360 mecum
329 1311 439 1369 consule,
452 1325 474 1373 3,
488 1325 526 1359 21.

113 1388 137 1436 Ο
149 1388 226 1444 navis,
239 1387 347 1434 referent
359 1387 385 1434 in
398 1403 474 1445 mare,
490 1400 509 1445 1,
524 1400 562 1448 14.
679 1386 782 1435 Rectius
793 1386 869 1443 vives,
884 1386 973 1444 Licini,
987 1399 1008 1444 2,
1025 1400 1061 1435 10.

113 1464 137 1512 Ο
148 1479 223 1527 saepe
235 1479 341 1520 mecum,
355 1476 376 1520 2,
389 1477 412 1524 7.
679 1463 778 1524 Rogare
790 1461 867 1524 longo
879 1462 995 1524 putidam
1007 1470 1039 1521 te,
1052 1464 1131 1526 Epod.
1144 1462 1167 1512 8.

114 1539 137 1587 Ο
148 1539 242 1596 Venus,
255 1539 341 1600 regina
352 1537 435 1597 Cnidi,
450 1551 470 1595 1,
483 1552 521 1600 3ο.

114 1615 164 1663 Odi
175 1614 308 1678 profanum
319 1614 417 1676 vulgus,
428 1628 450 1676 3,
466 1627 486 1663 1.
679 1613 798 1661 Scriberis
811 1614 895 1671 Vario,
911 1626 931 1672 1,
944 1613 967 1663 6.

114 1690 201 1741 Otium
212 1691 284 1738 divos
296 1697 375 1752 rogat,
389 1703 411 1747 2,
426 1689 462 1739 16.
679 1689 797 1752 Septime,
810 1689 888 1736 Gadis
901 1690 1005 1748 aditure,
1019 1703 1041 1749 2,
1053 1690 1076 1740 6.

679 1765 719 1812 Sic
731 1771 757 1812 te
770 1764 827 1811 diva
838 1772 929 1828 potens
941 1765 1024 1828 Cypri,
1034 1778 1058 1826 1,
1069 1779 1091 1829 3.

114 1843 216 1891 Parcius
229 1842 333 1900 iunctas,
350 1855 369 1900 1,
382 1854 421 1907 25.
679 1840 786 1888 Solvitur
798 1840 861 1888 acris
873 1839 961 1898 hiems,
976 1854 996 1899 1,
1008 1856 1032 1902 4.

113 1920 207 1967 Parcus
219 1918 324 1966 deorum
336 1916 424 1975 cultor,
439 1931 460 1976 1,
473 1931 512 1980 34.

114 1996 228 2045 Parentis
240 1994 300 2042 olim
312 1994 397 2056 siquis,
411 1994 487 2056 Epod.
499 2007 522 2055 3.
677 1993 713 2039 Te
726 1991 800 2039 maris
813 1999 837 2040 et
850 2000 937 2050 terrae,
953 2005 973 2051 1,
987 1992 1026 2042 28.

114 2071 201 2118 Pastor
213 2086 271 2117 cum
284 2069 401 2128 traheret,
417 2082 487 2133 1,15.
676 2069 715 2115 Tu
727 2084 758 2115 ne
772 2069 914 2130 quaesieris,
930 2081 950 2126 1,
965 2081 1002 2117 11.

114 2145 227 2194 Persicos
239 2145 290 2203 odi,
302 2161 372 2209 puer,
388 2158 408 2204 1,
421 2145 459 2207 38.
676 2143 806 2205 Tyrrhena
818 2159 905 2205 regum
921 2144 1063 2208 prdgenies,
1076 2158 1099 2208 3,
1111 2159 1150 2207 29.

114 2221 189 2280 Perti,
199 2221 262 2274 nihil
276 2238 315 2269 me
329 2222 392 2269 sicut
404 2228 478 2268 antea
486 2221 562 2279 iuvat,
573 2222 650 2285 Epod.

151 2310 187 2346 11.
677 2296 734 2344 Vlla
746 2297 766 2344 si
778 2297 838 2345 iuris
850 2297 905 2355 tibi,
918 2309 941 2354 2,
954 2295 977 2345 8.

114 2373 216 2422 Phoebe
228 2374 394 2437 silvarumque
406 2381 505 2437 potens,
522 2376 546 2422 C.
560 2373 585 2421 S.
678 2373 745 2420 onr
756 2373 873 2436 pauperis
886 2373 965 2435 Ibyci,
977 2385 1000 2434 3,
1015 2384 1051 2437 15.

115 2450 232 2498 Phoebus
243 2449 377 2507 volentem,
390 2464 413 2510 4,
428 2462 465 2514 15.

115 2525 250 2574 Pindarum
265 2525 383 2588 quisquis,
395 2540 419 2586 4,
432 2538 454 2573 2.
679 2524 758 2572 Velox
769 2540 912 2582 amoenum,
928 2537 948 2582 1,
963 2537 999 2587 17.

115 2601 250 2660 Poscimur,
262 2601 353 2664 siquid,
368 2613 387 2658 1,
401 2614 440 2663 32.
680 2600 764 2657 Vides,
778 2607 803 2647 ut
817 2599 874 2656 alta,
890 2612 910 2657 1,
922 2612 945 2659 9.

678 2675 734 2723 Vile
746 2675 845 2738 potabis
858 2675 971 2733 modicis,
988 2688 1008 2733 1,
1022 2689 1060 2725 20.

115 2753 186 2815 Quae
199 2768 258 2800 cura
270 2759 377 2815 patrum,
389 2767 413 2812 4,
429 2765 465 2813 14.
679 2751 749 2798 Vitas
760 2751 845 2798 inuleo
858 2766 897 2797 me
911 2749 1005 2808 similis,
1022 2765 1042 2808 1,
1057 2764 1094 2813 23.

114 2828 221 2890 Qualem
234 2827 382 2885 ministrum,
394 2842 418 2886 4,
429 2841 454 2888 4.
680 2826 735 2874 Vixi
747 2825 837 2889 puellis
849 2840 928 2888 nuper
940 2826 1054 2883 idoneus,
1065 2839 1087 2888 3,
1101 2826 1140 2876 26.

115 2901 225 2962 Quando
237 2909 364 2964 repostum
377 2902 528 2959 Caecubum,
540 2902 616 2964 Epod.
628 2914 652 2960 9.

463 3557 861 3564 .—.————-.——

277 3729 341 3780 nou.
354 3728 413 3764 cnu.
422 3743 454 3750 -
462 3728 493 3776 30
638 3715 685 3778 465
